[gd_scene load_steps=15 format=2]

[ext_resource path="res://scenes/Global/TitleLabel.tscn" type="PackedScene" id=1]
[ext_resource path="res://assets/images/avatars/avatar_005_gray.png" type="Texture" id=3]
[ext_resource path="res://assets/images/icons/pencil_w.png" type="Texture" id=4]
[ext_resource path="res://assets/images/icons/lock_closed_w.png" type="Texture" id=5]
[ext_resource path="res://assets/themes/default.tres" type="Theme" id=6]
[ext_resource path="res://Logic/scenes/PlayerAvatarNinePatchRect.gd" type="Script" id=8]

[sub_resource type="GDScript" id=1]
script/source = "extends ReferenceRect

onready var Recoil = get_node(\"CenterContainer/VBoxContainer/ScrollContainer/\" +
    \"VBoxContainer/WeaponRecoil\"
)

func _ready():
    var recoil_action = PM.LTD.get_(\"recoil_action\")
    var narrator = PM.LTD.get_(\"narrator\")
    
    Recoil.pressed = recoil_action
    get_node(\"CenterContainer/VBoxContainer/ScrollContainer/VBoxContainer/Narrator\").pressed = narrator

    #size of scrollcontainer slide
    get_node(\"CenterContainer/VBoxContainer/ScrollContainer\").get_v_scrollbar().rect_min_size.x = 50


func _on_Cancel_pressed():
    PM.STD.set_(\"ProgramManager_state_trigger\", false)


func _on_Accept_pressed():
    var recoil_action = Recoil.pressed
    var narrator = get_node(\"CenterContainer/VBoxContainer/ScrollContainer/VBoxContainer/Narrator\").pressed

    PM.LTD.set_(\"recoil_action\", recoil_action)
    PM.LTD.set_(\"narrator\", narrator)

    PM.STD.set_(\"ProgramManager_state_trigger\", true)

func _on_WeaponRecoil_toggled(button_pressed):
    Recoil.pressed = button_pressed
"

[sub_resource type="GDScript" id=2]
script/source = "extends Label

func _ready():
    PM.LTD.connect(PM.LTD.monitor_(\"player_name\"), self, \"player_name_set\")
    var player_name = PM.LTD.get_(\"player_name\")
    if player_name != null and player_name != \"\":
        player_name_set(player_name)

func player_name_set(player_name):
    text = player_name
    
"

[sub_resource type="StyleBoxEmpty" id=3]

[sub_resource type="StyleBoxEmpty" id=4]

[sub_resource type="StyleBoxEmpty" id=5]

[sub_resource type="StyleBoxEmpty" id=6]

[sub_resource type="StyleBoxEmpty" id=7]

[sub_resource type="StyleBoxEmpty" id=8]

[node name="PlayerProfile" type="ReferenceRect"]
margin_left = 1080.0
margin_top = 3840.0
margin_right = 1620.0
margin_bottom = 4800.0
rect_min_size = Vector2( 540, 960 )
theme = ExtResource( 6 )
script = SubResource( 1 )
__meta__ = {
"_edit_use_anchors_": false,
"_editor_description_": "2,4"
}

[node name="CenterContainer" type="CenterContainer" parent="."]
margin_top = 160.0
margin_right = 540.0
margin_bottom = 960.0
rect_min_size = Vector2( 540, 800 )
__meta__ = {
"_edit_use_anchors_": false
}

[node name="VBoxContainer" type="VBoxContainer" parent="CenterContainer"]
margin_right = 540.0
margin_bottom = 800.0
rect_min_size = Vector2( 540, 800 )
size_flags_vertical = 0
custom_constants/separation = 30

[node name="VBoxContainer" parent="CenterContainer/VBoxContainer" instance=ExtResource( 1 )]
margin_bottom = 72.0

[node name="TitleLabel" parent="CenterContainer/VBoxContainer/VBoxContainer" index="0"]
text = "Player Profile"

[node name="HSeparator" parent="CenterContainer/VBoxContainer/VBoxContainer" index="1"]
margin_top = 62.0
margin_bottom = 72.0

[node name="HBoxContainer1" type="HBoxContainer" parent="CenterContainer/VBoxContainer"]
margin_top = 102.0
margin_right = 540.0
margin_bottom = 350.0
rect_min_size = Vector2( 540, 0 )
size_flags_vertical = 4

[node name="VBoxContainer" type="VBoxContainer" parent="CenterContainer/VBoxContainer/HBoxContainer1"]
margin_right = 200.0
margin_bottom = 248.0
size_flags_horizontal = 4
size_flags_vertical = 4

[node name="AvatarImage" type="NinePatchRect" parent="CenterContainer/VBoxContainer/HBoxContainer1/VBoxContainer"]
margin_right = 200.0
margin_bottom = 200.0
rect_min_size = Vector2( 200, 200 )
mouse_filter = 1
texture = ExtResource( 3 )
script = ExtResource( 8 )
__meta__ = {
"_editor_description_": ""
}

[node name="PlayerName" type="Label" parent="CenterContainer/VBoxContainer/HBoxContainer1/VBoxContainer"]
margin_top = 208.0
margin_right = 200.0
margin_bottom = 248.0
rect_min_size = Vector2( 200, 40 )
size_flags_vertical = 1
text = "Name"
align = 1
valign = 1
script = SubResource( 2 )
__meta__ = {
"_edit_use_anchors_": false
}

[node name="EditAvatarButton" type="NinePatchRect" parent="CenterContainer/VBoxContainer/HBoxContainer1"]
visible = false
margin_left = 204.0
margin_top = 84.0
margin_right = 284.0
margin_bottom = 164.0
rect_min_size = Vector2( 80, 80 )
focus_mode = 2
mouse_filter = 0
size_flags_horizontal = 4
size_flags_vertical = 4
texture = ExtResource( 4 )
__meta__ = {
"_editor_description_": ""
}

[node name="EditAvatarText" type="Label" parent="CenterContainer/VBoxContainer/HBoxContainer1"]
visible = false
margin_left = 204.0
margin_top = 79.0
margin_right = 404.0
margin_bottom = 169.0
rect_min_size = Vector2( 200, 0 )
size_flags_horizontal = 4
text = "Click to modify Avatar and Player Name"
align = 1
valign = 1
autowrap = true
__meta__ = {
"_edit_use_anchors_": false
}

[node name="ScrollContainer" type="ScrollContainer" parent="CenterContainer/VBoxContainer"]
margin_left = 10.0
margin_top = 380.0
margin_right = 530.0
margin_bottom = 650.0
rect_min_size = Vector2( 520, 270 )
size_flags_horizontal = 4
size_flags_vertical = 4
scroll_horizontal_enabled = false

[node name="VBoxContainer" type="VBoxContainer" parent="CenterContainer/VBoxContainer/ScrollContainer"]
margin_right = 480.0
margin_bottom = 128.0
rect_min_size = Vector2( 480, 0 )

[node name="WeaponRecoil" type="CheckButton" parent="CenterContainer/VBoxContainer/ScrollContainer/VBoxContainer"]
margin_right = 480.0
margin_bottom = 60.0
rect_min_size = Vector2( 480, 60 )
custom_styles/hover = SubResource( 3 )
custom_styles/pressed = SubResource( 4 )
custom_styles/focus = SubResource( 5 )
custom_styles/disabled = SubResource( 6 )
custom_styles/hover_pressed = SubResource( 7 )
custom_styles/normal = SubResource( 8 )
text = "Weapon Recoil"
__meta__ = {
"_editor_description_": ""
}

[node name="Narrator" type="CheckButton" parent="CenterContainer/VBoxContainer/ScrollContainer/VBoxContainer"]
margin_top = 68.0
margin_right = 480.0
margin_bottom = 128.0
rect_min_size = Vector2( 480, 60 )
custom_styles/hover = SubResource( 3 )
custom_styles/pressed = SubResource( 4 )
custom_styles/focus = SubResource( 5 )
custom_styles/disabled = SubResource( 6 )
custom_styles/hover_pressed = SubResource( 7 )
custom_styles/normal = SubResource( 8 )
text = "Narrator"
__meta__ = {
"_editor_description_": ""
}

[node name="Music" type="CheckButton" parent="CenterContainer/VBoxContainer/ScrollContainer/VBoxContainer"]
visible = false
margin_top = 204.0
margin_right = 480.0
margin_bottom = 264.0
rect_min_size = Vector2( 480, 60 )
custom_styles/hover = SubResource( 3 )
custom_styles/pressed = SubResource( 4 )
custom_styles/focus = SubResource( 5 )
custom_styles/disabled = SubResource( 6 )
custom_styles/hover_pressed = SubResource( 7 )
custom_styles/normal = SubResource( 8 )
disabled = true
text = "Background Music"
__meta__ = {
"_editor_description_": ""
}

[node name="ROSA" type="CheckButton" parent="CenterContainer/VBoxContainer/ScrollContainer/VBoxContainer"]
visible = false
margin_top = 272.0
margin_right = 480.0
margin_bottom = 332.0
rect_min_size = Vector2( 480, 60 )
custom_styles/hover = SubResource( 3 )
custom_styles/pressed = SubResource( 4 )
custom_styles/focus = SubResource( 5 )
custom_styles/disabled = SubResource( 6 )
custom_styles/hover_pressed = SubResource( 7 )
custom_styles/normal = SubResource( 8 )
disabled = true
text = "R.O.S.A. (Game Events)"

[node name="AutoScreen" type="CheckButton" parent="CenterContainer/VBoxContainer/ScrollContainer/VBoxContainer"]
visible = false
margin_top = 340.0
margin_right = 480.0
margin_bottom = 400.0
rect_min_size = Vector2( 480, 60 )
custom_styles/hover = SubResource( 3 )
custom_styles/pressed = SubResource( 4 )
custom_styles/focus = SubResource( 5 )
custom_styles/disabled = SubResource( 6 )
custom_styles/hover_pressed = SubResource( 7 )
custom_styles/normal = SubResource( 8 )
text = "Auto Combat Screen (Revert)"
__meta__ = {
"_editor_description_": ""
}

[node name="HBoxContainer2" type="HBoxContainer" parent="CenterContainer/VBoxContainer/ScrollContainer/VBoxContainer"]
visible = false
margin_top = 204.0
margin_right = 520.0
margin_bottom = 299.0
rect_min_size = Vector2( 520, 0 )

[node name="LockSettingsButton" type="NinePatchRect" parent="CenterContainer/VBoxContainer/ScrollContainer/VBoxContainer/HBoxContainer2"]
margin_right = 80.0
margin_bottom = 95.0
rect_min_size = Vector2( 80, 80 )
size_flags_horizontal = 5
size_flags_vertical = 2
size_flags_stretch_ratio = 5.52
texture = ExtResource( 5 )
patch_margin_top = 95

[node name="LockSettingsText" type="Label" parent="CenterContainer/VBoxContainer/ScrollContainer/VBoxContainer/HBoxContainer2"]
margin_left = 84.0
margin_top = 33.0
margin_right = 406.0
margin_bottom = 61.0
rect_min_size = Vector2( 200, 0 )
text = "Unlock to Allow Changes"
align = 1
valign = 1
__meta__ = {
"_edit_use_anchors_": false
}

[node name="HBoxContainer" type="HBoxContainer" parent="CenterContainer/VBoxContainer"]
margin_top = 680.0
margin_right = 540.0
margin_bottom = 760.0
size_flags_vertical = 4

[node name="Cancel" type="Button" parent="CenterContainer/VBoxContainer/HBoxContainer"]
margin_left = 44.0
margin_right = 224.0
margin_bottom = 80.0
rect_min_size = Vector2( 180, 80 )
size_flags_horizontal = 6
disabled = true
text = "Cancel"

[node name="Accept" type="Button" parent="CenterContainer/VBoxContainer/HBoxContainer"]
margin_left = 316.0
margin_right = 496.0
margin_bottom = 80.0
rect_min_size = Vector2( 180, 80 )
size_flags_horizontal = 6
text = "Accept"

[connection signal="toggled" from="CenterContainer/VBoxContainer/ScrollContainer/VBoxContainer/WeaponRecoil" to="." method="_on_WeaponRecoil_toggled" flags=3]
[connection signal="pressed" from="CenterContainer/VBoxContainer/HBoxContainer/Cancel" to="." method="_on_Cancel_pressed"]
[connection signal="pressed" from="CenterContainer/VBoxContainer/HBoxContainer/Accept" to="." method="_on_Accept_pressed"]

[editable path="CenterContainer/VBoxContainer/VBoxContainer"]
