[gd_scene load_steps=47 format=2]

[ext_resource path="res://assets/images/icons/status_bar_w.png" type="Texture" id=1]
[ext_resource path="res://assets/images/avatars/avatar_005_gray.png" type="Texture" id=2]
[ext_resource path="res://assets/images/HeaderBackground.png" type="Texture" id=3]
[ext_resource path="res://assets/images/icons/menu_sandwich.png" type="Texture" id=4]
[ext_resource path="res://assets/images/icons/pistol_w.png" type="Texture" id=5]
[ext_resource path="res://assets/images/icons/menu_wlan_good.png" type="Texture" id=6]
[ext_resource path="res://assets/images/icons/menu_gps3.png" type="Texture" id=7]
[ext_resource path="res://assets/images/icons/menu_battery_100.png" type="Texture" id=8]
[ext_resource path="res://assets/images/icons/mobile_w.png" type="Texture" id=9]
[ext_resource path="res://assets/images/icons/menu_button_r_60.png" type="Texture" id=10]
[ext_resource path="res://assets/fonts/Freecoil-Regular.otf" type="DynamicFontData" id=11]
[ext_resource path="res://Logic/scenes/PlayerAvatarNinePatchRect.gd" type="Script" id=12]
[ext_resource path="res://assets/themes/default.tres" type="Theme" id=13]
[ext_resource path="res://assets/images/footer_background1_example.png" type="Texture" id=14]
[ext_resource path="res://assets/images/footer_background2_example.png" type="Texture" id=15]
[ext_resource path="res://assets/fonts/Standard LabelLabel.tres" type="DynamicFont" id=16]

[sub_resource type="GDScript" id=1]
script/source = "extends ReferenceRect

var menu_path = \"MenuBackground\"
var gui_buttons_path = \"MenuBackground/GUISettingsButtons\"
var hud_footer_path = \"MenuBackground/HUDFooterButtons\"
var hit_indicator_duration_path = \"MenuBackground/GUISettingsButtons/HBoxContainer/HitIndicatorDuration\"
var end_game_button_path = \"MenuBackground/GUISettingsButtons/VBoxContainer\"
var menu_toggle
onready var EndGameBtn = get_node(\"MenuBackground/GUISettingsButtons/\" +
    \"VBoxContainer/EndGame\"
)
onready var EndGameWarn = get_node(\"MenuBackground/GUISettingsButtons/\" +
    \"VBoxContainer/EndGameTitle\"
)

var hit_indicator_duration_list

func _ready():
#    PM.STD.connect(PM.STD.monitor_(\"game_status\"), 
#        self, \"show_or_hide_endgame\"
#    )
#    show_or_hide_endgame(PM.STD.get_(\"game_status\"))
    get_node(menu_path).visible = false
    menu_toggle = false

    _populate_controls_variable_options()

    #Populate all scene controls
    _populate_GuiSettings_panels()

func _populate_controls_variable_options():
    hit_indicator_duration_list = {0:1, 1:2, 2:3, 3:4, 4:5, 5:6, 6:7, 7:8}

func _populate_GuiSettings_panels():
    for key in hit_indicator_duration_list:
        get_node(hit_indicator_duration_path).add_item(str(hit_indicator_duration_list[key]))
    #Set scene controls based on preference variables
    get_node(hit_indicator_duration_path).selected = find_key_in_dict(hit_indicator_duration_list,
            PM.LTD.get_(\"player_hit_indicator_duration\"))

func _assign_game_variables_from_scene_controls():
    var hit_indicator_duration = int(get_node(hit_indicator_duration_path).text)
    PM.LTD.set_(\"player_hit_indicator_duration\", hit_indicator_duration)

func find_key_in_dict(dict, value):
    var key
    for i in range(dict.size()):
        if str(dict[i]) == str(value):
            key = i
    return key

func _on_HUDFooterSettings_pressed():
    get_node(gui_buttons_path).visible = false
    get_node(hud_footer_path).visible = true

func _on_HUDFooter1_pressed():
    get_node(gui_buttons_path).visible = true
    get_node(hud_footer_path).visible = false
    PM.LTD.set_(\"hud_footer\", 1)

func _on_HUDFooter2_pressed():
    get_node(gui_buttons_path).visible = true
    get_node(hud_footer_path).visible = false
    PM.LTD.set_(\"hud_footer\", 2)

func _on_Menu_pressed():
    if menu_toggle == true: #Menu is shown
        get_node(menu_path).visible = false
        _assign_game_variables_from_scene_controls()
        menu_toggle = false
    else: #Menu is hidden
        get_node(menu_path).visible = true
        get_node(gui_buttons_path).visible = true
        get_node(hud_footer_path).visible = false
        if PM.STD.get_(\"is_host\") != null and PM.STD.get_(\"is_host\") >= 1 and \\
                (PM.STD.get_(\"game_status\") == 2 or PM.STD.get_(\"game_status\") == 6):
#            get_node(end_game_button_path).visible = true
            pass
        else:
#            get_node(end_game_button_path).visible = false
            pass
        menu_toggle = true
        
func _on_EndGame_pressed():
    #if game_status is \"Started\"
    if PM.STD.get_(\"is_host\") >= 1:  # is a host
        PM.SS[\"GameCommon\"].end_game()
    else:
        PM.evaluate_state_change(\"UnloadGame\")
    _on_Menu_pressed()

func show_or_hide_endgame(new_val):
    if new_val == null:
        EndGameBtn.visible = false
        EndGameWarn.visible = false
    elif new_val == 2 or new_val == 3 or new_val == 4:
        EndGameBtn.visible = true
        EndGameWarn.visible = true
    elif new_val == 9 or new_val== 10 or new_val == 11:
        EndGameBtn.visible = true
        EndGameWarn.visible = true
    else:
        EndGameBtn.visible = false
        EndGameWarn.visible = false

"

[sub_resource type="StyleBoxEmpty" id=2]

[sub_resource type="StyleBoxEmpty" id=3]

[sub_resource type="StyleBoxEmpty" id=4]

[sub_resource type="StyleBoxEmpty" id=5]

[sub_resource type="StyleBoxEmpty" id=6]

[sub_resource type="DynamicFont" id=8]
size = 32
font_data = ExtResource( 11 )

[sub_resource type="StyleBoxEmpty" id=7]

[sub_resource type="GDScript" id=9]
script/source = "extends Label


# Declare member variables here. Examples:
# var a = 2
var every_second_update: Timer = Timer.new()
var time_zone = OS.get_time_zone_info().name

# Called when the node enters the scene tree for the first time.
func _ready():
    add_child(every_second_update)
    every_second_update.wait_time = 1
    var __ = every_second_update.connect(\"timeout\", self, \"update_clock\")
    every_second_update.start()
    update_clock()


func update_clock():
    var time = OS.get_time()
    text = \"%02d\" %time[\"hour\"] + \":\" + \"%02d\" %time[\"minute\"] + \":\" + \"%02d \" %time[\"second\"] + time_zone
"

[sub_resource type="GDScript" id=10]
script/source = "extends VBoxContainer

var menu_gps3 = preload(\"res://assets/images/icons/menu_gps3.png\")
var menu_gps2 = preload(\"res://assets/images/icons/menu_gps2.png\")
var menu_gps1 = preload(\"res://assets/images/icons/menu_gps1.png\")
var menu_gps0 = preload(\"res://assets/images/icons/menu_gps0.png\")

# Called when the node enters the scene tree for the first time.
func _ready():
    PM.STD.connect(PM.STD.monitor_(\"fi_location_quality\"), self, \"location_status\")

func location_status(fi_location_quality):
    if fi_location_quality == 4: #GREEN
        get_node(\"GpsStatus\").modulate = Color(\"#548235\")
        get_node(\"GpsImage\").texture = menu_gps3
    elif fi_location_quality == 3: #YELLOW/GREEN
        get_node(\"GpsStatus\").modulate = Color(\"#92D050\")
        get_node(\"GpsImage\").texture = menu_gps2
    elif fi_location_quality == 2: #YELLOW
        get_node(\"GpsStatus\").modulate = Color(\"#FFFF00\")
        get_node(\"GpsImage\").texture = menu_gps1
    elif fi_location_quality == 1: #RED
        get_node(\"GpsStatus\").modulate = Color(\"#FF0000\")
        get_node(\"GpsImage\").texture = menu_gps0
    else: #WHITE
        get_node(\"GpsStatus\").modulate = Color(\"#FFFFFF\")
        get_node(\"GpsImage\").texture = menu_gps0
"

[sub_resource type="GDScript" id=11]
script/source = "extends VBoxContainer

var menu_wlan_good = preload(\"res://assets/images/icons/menu_wlan_good.png\")
var menu_wlan_low = preload(\"res://assets/images/icons/menu_wlan_low.png\")
var menu_wlan_poor = preload(\"res://assets/images/icons/menu_wlan_poor.png\")
var menu_wlan_bad = preload(\"res://assets/images/icons/menu_wlan_bad.png\")

# Called when the node enters the scene tree for the first time.
func _ready():
    PM.STD.connect(PM.STD.monitor_(
            \"connection_status\"), self, \"connection_status_changed\")

func connection_status_changed(connection_status):
    # connection_status can be one of [\"do_not_connect\", \"connected\", \"disconnected\", 
    # \"connecting\", \"reconnecting\", \"reconnected\", \"identifying\"]
    if connection_status == \"connected\": # GREEN
        get_node(\"WifiStatus\").modulate = Color(\"#548235\")
        get_node(\"WifiImage\").texture_normal = menu_wlan_good
    elif connection_status == \"reconnected\": # YELLOW/GREEN
        get_node(\"WifiStatus\").modulate = Color(\"#92D050\")
        get_node(\"WifiImage\").texture_normal = menu_wlan_low
    elif connection_status == \"identifying\": # YELLOW
        get_node(\"WifiStatus\").modulate = Color(\"#FFFF00\")
        get_node(\"WifiImage\").texture_normal = menu_wlan_poor
    elif connection_status == \"reconnecting\": # RED
        get_node(\"WifiStatus\").modulate = Color(\"#FF0000\")
        get_node(\"WifiImage\").texture_normal = menu_wlan_poor
    elif connection_status == \"do_not_connect\": # WHITE
        get_node(\"WifiStatus\").modulate = Color(\"#FFFFFF\")
        get_node(\"WifiImage\").texture_normal = menu_wlan_bad
    else: # RED
        get_node(\"WifiStatus\").modulate = Color(\"#FF0000\")
        get_node(\"WifiImage\").texture_normal = menu_wlan_bad
"

[sub_resource type="GDScript" id=30]
script/source = "extends TextureButton

onready var DeviceIpBanner = get_parent().get_parent().get_parent().get_node(
    \"DeviceIpAddress\"
)

func _ready():
    PM.STD.connect(PM.STD.monitor_(\"device_ip\"),
        self, \"on_ip_changed\"
    )

func _on_WifiImage_pressed():
    if DeviceIpBanner.visible:
        DeviceIpBanner.hide()
    else:
        DeviceIpBanner.show()

func on_ip_changed(new_val):
    DeviceIpBanner.get_node(\"CenterContainer/Label\").text = new_val
    DeviceIpBanner.show()
    yield(get_tree().create_timer(1), \"timeout\")
    DeviceIpBanner.hide()
"

[sub_resource type="GDScript" id=12]
script/source = "extends VBoxContainer

# Called when the node enters the scene tree for the first time.
func _ready():
    PM.STD.connect(PM.STD.monitor_(\"fi_laser_is_connected\"), self, \"bluetooth_status\")

func bluetooth_status(fi_laser_is_connected):
    if fi_laser_is_connected == 2: #GREEN (2 - Connected)
        get_node(\"BluetoothStatus\").modulate = Color(\"#548235\")
    elif fi_laser_is_connected == 1 or fi_laser_is_connected == 4: #YELLOW (1 - Trying Connection, 4 - Retrying Connection)
        get_node(\"BluetoothStatus\").modulate = Color(\"#FFFF00\")
    elif fi_laser_is_connected == 0: #WHITE (0 - Never Connected)
        get_node(\"BluetoothStatus\").modulate = Color(\"#FFFFFF\")
    else: #RED (3 - Disconnected)
        get_node(\"BluetoothStatus\").modulate = Color(\"#FF0000\")
"

[sub_resource type="StyleBoxEmpty" id=24]

[sub_resource type="StyleBoxEmpty" id=25]

[sub_resource type="StyleBoxEmpty" id=26]

[sub_resource type="StyleBoxEmpty" id=27]

[sub_resource type="StyleBoxEmpty" id=28]

[sub_resource type="GDScript" id=29]
script/source = "extends Button

func _ready():

    _recoil_action_updated(PM.STD.get_(\"fi_laser_recoil\"))
    PM.STD.connect(PM.STD.monitor_(\"fi_laser_recoil\"), self, 
        \"_recoil_action_updated\")

func _on_BluetoothImage_pressed():
    var force_recoil_action = PM.STD.get_(\"force_recoil_action\")
    if force_recoil_action == null or force_recoil_action == false:
        if PM.STD.get_(\"fi_laser_recoil\") == 1:
            PM.SS[\"FreecoiLInterface\"].enable_recoil(false)
        else:
            PM.SS[\"FreecoiLInterface\"].enable_recoil(true)

func _recoil_action_updated(recoil_enabled):
    if recoil_enabled == 1:
        modulate = Color(0, 0, 0, 1) #Black
    else: #0 - Disconnected or 2 - Deactivated
        modulate = Color(30.0/255.0, 30.0/255.0, 30.0/255.0, 1.0) #Grey
"

[sub_resource type="GDScript" id=13]
script/source = "extends VBoxContainer

var menu_battery_100 = preload(\"res://assets/images/icons/menu_battery_100.png\")
var menu_battery_75 = preload(\"res://assets/images/icons/menu_battery_75.png\")
var menu_battery_50 = preload(\"res://assets/images/icons/menu_battery_50.png\")
var menu_battery_25 = preload(\"res://assets/images/icons/menu_battery_25.png\")
var menu_battery_0 = preload(\"res://assets/images/icons/menu_battery_0.png\")

# Called when the node enters the scene tree for the first time.
func _ready():
    PM.STD.connect(PM.STD.monitor_(\"fi_laser_battery_lvl\"), self, \"gun_battery_status\")

func gun_battery_status(fi_laser_battery_lvl):
    if fi_laser_battery_lvl >= 92: #GREEN
        get_node(\"BatteryStatus\").modulate = Color(\"#548235\")
        get_node(\"BatteryImage\").texture = menu_battery_100
    elif fi_laser_battery_lvl < 92 and fi_laser_battery_lvl >= 84: #GREEN
        get_node(\"BatteryStatus\").modulate = Color(\"#548235\")
        get_node(\"BatteryImage\").texture = menu_battery_75
    elif fi_laser_battery_lvl < 84 and fi_laser_battery_lvl >= 76: #YELLOW
        get_node(\"BatteryStatus\").modulate = Color(\"#FFFF00\")
        get_node(\"BatteryImage\").texture = menu_battery_50
    elif fi_laser_battery_lvl < 76 and fi_laser_battery_lvl >= 68: #YELLOW
        get_node(\"BatteryStatus\").modulate = Color(\"#FFFF00\")
        get_node(\"BatteryImage\").texture = menu_battery_25
    elif fi_laser_battery_lvl < 68 and fi_laser_battery_lvl >= 60: #RED
        get_node(\"BatteryStatus\").modulate = Color(\"#FF0000\")
        get_node(\"BatteryImage\").texture = menu_battery_0
    else: #WHITE
        get_node(\"BatteryStatus\").modulate = Color(\"#FFFFFF\")
        get_node(\"BatteryImage\").texture = menu_battery_0
"

[sub_resource type="GDScript" id=14]
script/source = "extends VBoxContainer

#var mbattery_percent

# Called when the node enters the scene tree for the first time.
func _ready():
    pass
#    PM.LTD.connect(PM.LTD.monitor_(\"VBoxMobileBattery\"), self, \"mobilebattery_status\")

#func mobilebattery_status():
#    mbattery_percent = OS.get_power_percent_left()
#    if mbattery_percent < 25: #RED
#        get_node(\"MobileStatus\").modulate = Color(255,0,0)
#    elif mbattery_percent >= 25 and mbattery_percent < 50: #YELLOW
#        get_node(\"MobileStatus\").modulate = Color(255,255,0)
#    else: #GREEN
#        get_node(\"MobileStatus\").modulate = Color(0,255,255)
"

[sub_resource type="StyleBoxEmpty" id=15]

[sub_resource type="StyleBoxEmpty" id=16]

[sub_resource type="DynamicFont" id=17]
size = 24
font_data = ExtResource( 11 )

[sub_resource type="StyleBoxEmpty" id=18]

[sub_resource type="StyleBoxEmpty" id=19]

[sub_resource type="StyleBoxEmpty" id=20]

[sub_resource type="StyleBoxEmpty" id=21]

[sub_resource type="StyleBoxEmpty" id=22]

[sub_resource type="StyleBoxEmpty" id=23]

[node name="StandardHeader" type="ReferenceRect"]
margin_right = 540.0
margin_bottom = 160.0
rect_min_size = Vector2( 540, 160 )
theme = ExtResource( 13 )
script = SubResource( 1 )
__meta__ = {
"_editor_description_": "0,0"
}

[node name="HeaderBackground" type="NinePatchRect" parent="."]
margin_right = 540.0
margin_bottom = 160.0
rect_min_size = Vector2( 540, 160 )
size_flags_vertical = 2
size_flags_stretch_ratio = 5.52
texture = ExtResource( 3 )
patch_margin_top = 95
__meta__ = {
"_edit_use_anchors_": false
}

[node name="PlayerAvatar" type="NinePatchRect" parent="HeaderBackground"]
show_behind_parent = true
margin_left = 430.0
margin_top = 50.0
margin_right = 530.0
margin_bottom = 150.0
rect_min_size = Vector2( 100, 100 )
mouse_filter = 1
texture = ExtResource( 2 )
script = ExtResource( 12 )
__meta__ = {
"_edit_use_anchors_": false,
"_editor_description_": ""
}

[node name="AvatarBackground" type="NinePatchRect" parent="HeaderBackground/PlayerAvatar"]
show_behind_parent = true
margin_left = -10.0
margin_top = -10.0
margin_right = 110.0
margin_bottom = 110.0
rect_min_size = Vector2( 120, 120 )
mouse_filter = 1
texture = ExtResource( 10 )
__meta__ = {
"_edit_use_anchors_": false,
"_editor_description_": ""
}

[node name="Menu" type="Button" parent="HeaderBackground"]
margin_left = 10.0
margin_top = 50.0
margin_right = 110.0
margin_bottom = 150.0
rect_min_size = Vector2( 100, 100 )
mouse_filter = 1
custom_styles/hover = SubResource( 2 )
custom_styles/pressed = SubResource( 3 )
custom_styles/focus = SubResource( 4 )
custom_styles/disabled = SubResource( 5 )
custom_styles/normal = SubResource( 6 )
icon = ExtResource( 10 )
expand_icon = true
__meta__ = {
"_edit_use_anchors_": false,
"_editor_description_": ""
}

[node name="MenuButton" type="NinePatchRect" parent="HeaderBackground/Menu"]
modulate = Color( 0, 0, 0, 1 )
margin_left = 20.0
margin_top = 20.0
margin_right = 80.0
margin_bottom = 80.0
rect_min_size = Vector2( 60, 60 )
mouse_filter = 1
texture = ExtResource( 4 )
__meta__ = {
"_edit_use_anchors_": false,
"_editor_description_": ""
}

[node name="GameClock" type="Label" parent="HeaderBackground"]
margin_left = 115.0
margin_top = 2.0
margin_right = 425.0
margin_bottom = 62.0
rect_min_size = Vector2( 310, 60 )
size_flags_vertical = 1
custom_colors/font_color = Color( 1, 1, 1, 1 )
custom_fonts/font = SubResource( 8 )
custom_styles/normal = SubResource( 7 )
text = "12:01"
align = 1
valign = 1
script = SubResource( 9 )
__meta__ = {
"_edit_use_anchors_": false
}

[node name="HBoxContainer" type="HBoxContainer" parent="."]
margin_left = 125.0
margin_top = 70.0
margin_right = 415.0
margin_bottom = 150.0
rect_min_size = Vector2( 290, 80 )
__meta__ = {
"_edit_use_anchors_": false
}

[node name="VBoxGPS" type="VBoxContainer" parent="HBoxContainer"]
margin_right = 69.0
margin_bottom = 80.0
size_flags_horizontal = 7
script = SubResource( 10 )

[node name="GpsImage" type="NinePatchRect" parent="HBoxContainer/VBoxGPS"]
modulate = Color( 0, 0, 0, 1 )
margin_left = 9.0
margin_right = 59.0
margin_bottom = 50.0
rect_min_size = Vector2( 50, 50 )
size_flags_horizontal = 4
size_flags_vertical = 6
texture = ExtResource( 7 )

[node name="GpsStatus" type="NinePatchRect" parent="HBoxContainer/VBoxGPS"]
margin_left = 12.0
margin_top = 62.0
margin_right = 56.0
margin_bottom = 76.0
rect_min_size = Vector2( 44, 14 )
size_flags_horizontal = 4
size_flags_vertical = 6
texture = ExtResource( 1 )
__meta__ = {
"_edit_use_anchors_": false
}

[node name="GpsStatusOutline" type="NinePatchRect" parent="HBoxContainer/VBoxGPS/GpsStatus"]
modulate = Color( 0, 0, 0, 1 )
show_behind_parent = true
margin_left = -3.0
margin_top = -3.0
margin_right = 47.0
margin_bottom = 17.0
rect_min_size = Vector2( 50, 20 )
size_flags_vertical = 6
texture = ExtResource( 1 )
__meta__ = {
"_edit_use_anchors_": false
}

[node name="VBoxWifi" type="VBoxContainer" parent="HBoxContainer"]
margin_left = 73.0
margin_right = 143.0
margin_bottom = 80.0
size_flags_horizontal = 7
alignment = 1
script = SubResource( 11 )

[node name="WifiImage" type="TextureButton" parent="HBoxContainer/VBoxWifi"]
modulate = Color( 0, 0, 0, 1 )
margin_right = 70.0
margin_bottom = 50.0
rect_min_size = Vector2( 50, 50 )
texture_normal = ExtResource( 6 )
expand = true
script = SubResource( 30 )

[node name="WifiStatus" type="NinePatchRect" parent="HBoxContainer/VBoxWifi"]
margin_left = 13.0
margin_top = 62.0
margin_right = 57.0
margin_bottom = 76.0
rect_min_size = Vector2( 44, 14 )
size_flags_horizontal = 4
size_flags_vertical = 6
texture = ExtResource( 1 )

[node name="WifiStatusOutline" type="NinePatchRect" parent="HBoxContainer/VBoxWifi/WifiStatus"]
modulate = Color( 0, 0, 0, 1 )
show_behind_parent = true
margin_left = -3.0
margin_top = -3.0
margin_right = 47.0
margin_bottom = 17.0
rect_min_size = Vector2( 50, 20 )
size_flags_vertical = 6
texture = ExtResource( 1 )
__meta__ = {
"_edit_use_anchors_": false
}

[node name="VBoxBluetooth" type="VBoxContainer" parent="HBoxContainer"]
margin_left = 147.0
margin_right = 216.0
margin_bottom = 80.0
size_flags_horizontal = 7
script = SubResource( 12 )

[node name="BluetoothImage" type="Button" parent="HBoxContainer/VBoxBluetooth"]
modulate = Color( 0, 0, 0, 1 )
margin_right = 69.0
margin_bottom = 50.0
rect_min_size = Vector2( 65, 50 )
custom_styles/hover = SubResource( 24 )
custom_styles/pressed = SubResource( 25 )
custom_styles/focus = SubResource( 26 )
custom_styles/disabled = SubResource( 27 )
custom_styles/normal = SubResource( 28 )
icon = ExtResource( 5 )
expand_icon = true
script = SubResource( 29 )

[node name="BluetoothStatus" type="NinePatchRect" parent="HBoxContainer/VBoxBluetooth"]
margin_left = 5.0
margin_top = 62.0
margin_right = 64.0
margin_bottom = 76.0
rect_min_size = Vector2( 59, 14 )
size_flags_horizontal = 4
size_flags_vertical = 6
texture = ExtResource( 1 )

[node name="BluetoothStatusOutline" type="NinePatchRect" parent="HBoxContainer/VBoxBluetooth/BluetoothStatus"]
modulate = Color( 0, 0, 0, 1 )
show_behind_parent = true
margin_left = -3.0
margin_top = -3.0
margin_right = 62.0
margin_bottom = 17.0
rect_min_size = Vector2( 65, 20 )
size_flags_vertical = 6
texture = ExtResource( 1 )
__meta__ = {
"_edit_use_anchors_": false
}

[node name="VBoxGunBattery" type="VBoxContainer" parent="HBoxContainer"]
margin_left = 220.0
margin_right = 290.0
margin_bottom = 80.0
size_flags_horizontal = 7
script = SubResource( 13 )

[node name="BatteryImage" type="NinePatchRect" parent="HBoxContainer/VBoxGunBattery"]
modulate = Color( 0, 0, 0, 1 )
margin_left = 18.0
margin_right = 52.0
margin_bottom = 50.0
rect_min_size = Vector2( 34, 50 )
size_flags_horizontal = 4
size_flags_vertical = 6
texture = ExtResource( 8 )

[node name="BatteryStatus" type="NinePatchRect" parent="HBoxContainer/VBoxGunBattery"]
margin_left = 13.0
margin_top = 62.0
margin_right = 57.0
margin_bottom = 76.0
rect_min_size = Vector2( 44, 14 )
size_flags_horizontal = 4
size_flags_vertical = 6
texture = ExtResource( 1 )

[node name="BatteryStatusOutline" type="NinePatchRect" parent="HBoxContainer/VBoxGunBattery/BatteryStatus"]
modulate = Color( 0, 0, 0, 1 )
show_behind_parent = true
margin_left = -3.0
margin_top = -3.0
margin_right = 47.0
margin_bottom = 17.0
rect_min_size = Vector2( 50, 20 )
size_flags_vertical = 6
texture = ExtResource( 1 )
__meta__ = {
"_edit_use_anchors_": false
}

[node name="VBoxMobileBattery" type="VBoxContainer" parent="HBoxContainer"]
visible = false
margin_left = 237.0
margin_right = 290.0
margin_bottom = 80.0
size_flags_horizontal = 7
script = SubResource( 14 )

[node name="MobileImage" type="NinePatchRect" parent="HBoxContainer/VBoxMobileBattery"]
modulate = Color( 0, 0, 0, 1 )
margin_left = 1.0
margin_right = 51.0
margin_bottom = 50.0
rect_min_size = Vector2( 50, 50 )
size_flags_horizontal = 4
size_flags_vertical = 6
texture = ExtResource( 9 )

[node name="MobileStatus" type="NinePatchRect" parent="HBoxContainer/VBoxMobileBattery"]
margin_left = 4.0
margin_top = 62.0
margin_right = 48.0
margin_bottom = 76.0
rect_min_size = Vector2( 44, 14 )
size_flags_horizontal = 4
size_flags_vertical = 6
texture = ExtResource( 1 )

[node name="MobileStatusOutline" type="NinePatchRect" parent="HBoxContainer/VBoxMobileBattery/MobileStatus"]
modulate = Color( 0, 0, 0, 1 )
show_behind_parent = true
margin_left = -3.0
margin_top = -3.0
margin_right = 47.0
margin_bottom = 17.0
rect_min_size = Vector2( 50, 20 )
size_flags_vertical = 6
texture = ExtResource( 1 )
__meta__ = {
"_edit_use_anchors_": false
}

[node name="MenuBackground" type="ColorRect" parent="."]
margin_top = 160.0
margin_right = 540.0
margin_bottom = 700.0
rect_min_size = Vector2( 540, 540 )
color = Color( 0.266667, 0.266667, 0.266667, 1 )
__meta__ = {
"_edit_use_anchors_": false
}

[node name="GUISettingsButtons" type="VBoxContainer" parent="MenuBackground"]
margin_left = 10.0
margin_top = 10.0
margin_right = 530.0
margin_bottom = 530.0
rect_min_size = Vector2( 520, 520 )
__meta__ = {
"_edit_use_anchors_": false
}

[node name="HUDFooterSettings" type="Button" parent="MenuBackground/GUISettingsButtons"]
margin_left = 110.0
margin_right = 410.0
margin_bottom = 80.0
rect_min_size = Vector2( 300, 80 )
size_flags_horizontal = 6
size_flags_vertical = 0

[node name="HUDFooterLayoutLabel" type="Label" parent="MenuBackground/GUISettingsButtons/HUDFooterSettings"]
margin_right = 300.0
margin_bottom = 80.0
rect_min_size = Vector2( 300, 80 )
mouse_filter = 1
custom_colors/font_color = Color( 0, 0, 0, 1 )
custom_styles/normal = SubResource( 15 )
text = "HUD Footer
Layout"
align = 1
valign = 1
__meta__ = {
"_edit_use_anchors_": false
}

[node name="HBoxContainer" type="HBoxContainer" parent="MenuBackground/GUISettingsButtons"]
margin_left = 78.0
margin_top = 88.0
margin_right = 442.0
margin_bottom = 158.0
size_flags_horizontal = 4
size_flags_vertical = 2

[node name="HitIndicatorDurationTitle" type="Label" parent="MenuBackground/GUISettingsButtons/HBoxContainer"]
margin_right = 240.0
margin_bottom = 70.0
rect_min_size = Vector2( 240, 70 )
size_flags_horizontal = 4
custom_styles/normal = SubResource( 16 )
text = "Player Hit Indicator
Duration (sec):"
align = 2
valign = 1
autowrap = true

[node name="HitIndicatorDuration" type="OptionButton" parent="MenuBackground/GUISettingsButtons/HBoxContainer"]
margin_left = 244.0
margin_right = 364.0
margin_bottom = 70.0
rect_min_size = Vector2( 120, 70 )
size_flags_horizontal = 4
align = 1
__meta__ = {
"_editor_description_": ""
}

[node name="VBoxContainer" type="VBoxContainer" parent="MenuBackground/GUISettingsButtons"]
visible = false
margin_left = 260.0
margin_top = 520.0
margin_right = 260.0
margin_bottom = 520.0
size_flags_horizontal = 6

[node name="EndGame" type="Button" parent="MenuBackground/GUISettingsButtons/VBoxContainer"]
margin_right = 180.0
margin_bottom = 80.0
rect_min_size = Vector2( 180, 80 )
size_flags_horizontal = 4
size_flags_vertical = 4
text = "End Game"

[node name="EndGameTitle" type="Label" parent="MenuBackground/GUISettingsButtons/VBoxContainer"]
margin_right = 269.0
margin_bottom = 14.0
size_flags_horizontal = 4
text = "Warning: This function can not be undone!"

[node name="HUDFooterButtons" type="ColorRect" parent="MenuBackground"]
visible = false
margin_right = 540.0
margin_bottom = 540.0
rect_min_size = Vector2( 540, 540 )
color = Color( 0.266667, 0.266667, 0.266667, 1 )

[node name="VBoxContainer" type="VBoxContainer" parent="MenuBackground/HUDFooterButtons"]
margin_right = 540.0
margin_bottom = 572.0
__meta__ = {
"_edit_use_anchors_": false
}

[node name="FooterTitle" type="Label" parent="MenuBackground/HUDFooterButtons/VBoxContainer"]
margin_right = 540.0
margin_bottom = 24.0
rect_min_size = Vector2( 540, 0 )
mouse_filter = 1
size_flags_horizontal = 4
custom_fonts/font = SubResource( 17 )
text = "HUD FOOTER LAYOUTS  (Click Image to Select)"
align = 1
autowrap = true
__meta__ = {
"_edit_use_anchors_": false
}

[node name="HUDFooter1" type="Button" parent="MenuBackground/HUDFooterButtons/VBoxContainer"]
margin_left = 43.0
margin_top = 32.0
margin_right = 496.0
margin_bottom = 250.0
rect_min_size = Vector2( 453, 218 )
mouse_filter = 1
size_flags_horizontal = 4
size_flags_vertical = 4
custom_styles/hover = SubResource( 18 )
custom_styles/pressed = SubResource( 19 )
custom_styles/focus = SubResource( 20 )
custom_styles/disabled = SubResource( 21 )
custom_styles/normal = SubResource( 22 )
icon = ExtResource( 14 )
expand_icon = true
__meta__ = {
"_editor_description_": ""
}

[node name="Footer1Note" type="Label" parent="MenuBackground/HUDFooterButtons/VBoxContainer"]
margin_top = 258.0
margin_right = 540.0
margin_bottom = 282.0
rect_min_size = Vector2( 540, 0 )
mouse_filter = 1
size_flags_horizontal = 4
custom_fonts/font = SubResource( 17 )
custom_styles/normal = SubResource( 23 )
text = "ZONE LAYOUT"
align = 1
autowrap = true
__meta__ = {
"_edit_use_anchors_": false
}

[node name="HUDFooter2" type="Button" parent="MenuBackground/HUDFooterButtons/VBoxContainer"]
margin_left = 43.0
margin_top = 290.0
margin_right = 496.0
margin_bottom = 508.0
rect_min_size = Vector2( 453, 218 )
mouse_filter = 1
size_flags_horizontal = 4
size_flags_vertical = 4
custom_styles/hover = SubResource( 18 )
custom_styles/pressed = SubResource( 19 )
custom_styles/focus = SubResource( 20 )
custom_styles/disabled = SubResource( 21 )
custom_styles/normal = SubResource( 22 )
icon = ExtResource( 15 )
expand_icon = true
__meta__ = {
"_editor_description_": ""
}

[node name="Footer2Note" type="Label" parent="MenuBackground/HUDFooterButtons/VBoxContainer"]
margin_top = 516.0
margin_right = 540.0
margin_bottom = 540.0
rect_min_size = Vector2( 540, 0 )
mouse_filter = 1
size_flags_horizontal = 4
custom_fonts/font = SubResource( 17 )
custom_styles/normal = SubResource( 23 )
text = "LINEAR LAYOUT"
align = 1
autowrap = true
__meta__ = {
"_edit_use_anchors_": false
}

[node name="DeviceIpAddress" type="ColorRect" parent="."]
visible = false
margin_left = 20.0
margin_top = 160.0
margin_right = 520.0
margin_bottom = 210.0
__meta__ = {
"_edit_use_anchors_": false
}

[node name="ColorRect" type="ColorRect" parent="DeviceIpAddress"]
margin_left = 193.0
margin_top = -11.0
margin_right = 233.0
margin_bottom = 29.0
__meta__ = {
"_edit_use_anchors_": false
}

[node name="CenterContainer" type="CenterContainer" parent="DeviceIpAddress"]
margin_right = 500.0
margin_bottom = 40.0
rect_min_size = Vector2( 500, 50 )
__meta__ = {
"_edit_use_anchors_": false
}

[node name="Label" type="Label" parent="DeviceIpAddress/CenterContainer"]
margin_left = 196.0
margin_top = 7.0
margin_right = 304.0
margin_bottom = 43.0
custom_fonts/font = ExtResource( 16 )
text = "?.?.?.?"
align = 1

[connection signal="pressed" from="HeaderBackground/Menu" to="." method="_on_Menu_pressed"]
[connection signal="pressed" from="HBoxContainer/VBoxWifi/WifiImage" to="HBoxContainer/VBoxWifi/WifiImage" method="_on_WifiImage_pressed" flags=3]
[connection signal="pressed" from="HBoxContainer/VBoxBluetooth/BluetoothImage" to="HBoxContainer/VBoxBluetooth/BluetoothImage" method="_on_BluetoothImage_pressed"]
[connection signal="pressed" from="MenuBackground/GUISettingsButtons/HUDFooterSettings" to="." method="_on_HUDFooterSettings_pressed"]
[connection signal="pressed" from="MenuBackground/GUISettingsButtons/VBoxContainer/EndGame" to="." method="_on_EndGame_pressed"]
[connection signal="pressed" from="MenuBackground/HUDFooterButtons/VBoxContainer/HUDFooter1" to="." method="_on_HUDFooter1_pressed"]
[connection signal="pressed" from="MenuBackground/HUDFooterButtons/VBoxContainer/HUDFooter2" to="." method="_on_HUDFooter2_pressed"]
