[gd_scene load_steps=28 format=2]

[ext_resource path="res://assets/themes/default.tres" type="Theme" id=1]
[ext_resource path="res://scenes/Global/TitleLabel.tscn" type="PackedScene" id=2]
[ext_resource path="res://assets/images/logos/Freecoil_Logo_black_big.jpg" type="Texture" id=3]
[ext_resource path="res://assets/images/hostbackground.png" type="Texture" id=4]
[ext_resource path="res://assets/fonts/Freecoil-Regular.otf" type="DynamicFontData" id=5]
[ext_resource path="res://assets/images/icons/gear.png" type="Texture" id=6]

[sub_resource type="GDScript" id=1]
script/source = "extends ReferenceRect

onready var host_option_button: CheckButton = get_node(\"VBoxContainer/VBoxContainer2/HostOption\")
onready var soldier_button: Button = get_node(\"VBoxContainer/VBoxContainer2/Soldier\")
onready var soldier_desc: Label = get_node(\"VBoxContainer/VBoxContainer2/SoldierDescription\")
onready var medic_button: Button = get_node(\"VBoxContainer/VBoxContainer2/Medic\")
onready var medic_desc: Label = get_node(\"VBoxContainer/VBoxContainer2/MedicDescription\")
onready var dedicated_host_button: Button = get_node(\"VBoxContainer/VBoxContainer2/DedicatedHost\")
onready var dedicated_host_desc: Label = get_node(\"VBoxContainer/VBoxContainer2/DedicatedHostDescription\")
onready var observer_button: Button = get_node(\"VBoxContainer/VBoxContainer2/Observer\")
onready var observer_desc: Label = get_node(\"VBoxContainer/VBoxContainer2/ObserverDescription\")
onready var back_button: Button = get_node(\"VBoxContainer/HBoxContainer/Back\")
var weapon_connected
var in_ready = true

func _ready():
    weapon_connected = PM.STD.get_(\"using_weapon\")
    if PM.operating_system == \"Android\" and host_option_button.pressed == true:
        host_option_button.pressed = false
    if PM.operating_system != \"Android\": #for now, if not Android then assume it is PC
        host_option_button.pressed = true
    set_button_options(host_option_button.pressed)
    #FIXME: Remove when observer implemented
    observer_button.visible = false
    observer_desc.visible = false
    in_ready = false
    
func _on_HostOption_toggled(button_pressed):
    if not in_ready:
        pass
        #PM.a_button_was_pressed(get_node(\"VBoxContainer/VBoxContainer2/HostOption\"))
    set_button_options(button_pressed)

func set_button_options(button_pressed): 
    if button_pressed:
        if weapon_connected:
            soldier_button.visible = true
            soldier_desc.visible = true
            medic_button.visible = true
            medic_desc.visible = true
            dedicated_host_button.visible = false
            dedicated_host_desc.visible = false
            observer_button.visible = false
            observer_desc.visible = false
        else:
            soldier_button.visible = false
            soldier_desc.visible = false
            medic_button.visible = false
            medic_desc.visible = false
            dedicated_host_button.visible = true
            dedicated_host_desc.visible = true
            #FIXME: Uncomment when observer implemented
#            observer_button.visible = false
#            observer_desc.visible = false
        soldier_button.text = \"Soldier - Host\"
        medic_button.text = \"Medic - Host\"
    else:
        if weapon_connected:
            soldier_button.visible = true
            soldier_desc.visible = true
            medic_button.visible = true
            medic_desc.visible = true
            dedicated_host_button.visible = false
            dedicated_host_desc.visible = false
            observer_button.visible = false
            observer_desc.visible = false
        else:
            soldier_button.visible = false
            soldier_desc.visible = false
            medic_button.visible = false
            medic_desc.visible = false
            dedicated_host_button.visible = false
            dedicated_host_desc.visible = false
            #FIXME: Uncomment when observer implemented
#            observer_button.visible = true
#            observer_desc.visible = true
        soldier_button.text = \"Soldier\"
        medic_button.text = \"Medic\"
"

[sub_resource type="StyleBoxEmpty" id=2]

[sub_resource type="StyleBoxEmpty" id=3]

[sub_resource type="StyleBoxEmpty" id=4]

[sub_resource type="StyleBoxEmpty" id=5]

[sub_resource type="StyleBoxEmpty" id=6]

[sub_resource type="StyleBoxEmpty" id=7]

[sub_resource type="GDScript" id=8]
script/source = "extends Button

func _on_Soldier_pressed():
    PM.a_button_was_pressed(self)
    PM.STD.set_(\"is_soldier\", true)
    PM.STD.set_(\"is_observer\", false)
    if get_parent().get_node(\"HostOption\").pressed:
        PM.STD.set_(\"is_host\", 1)
    else:
        PM.STD.set_(\"is_host\", 0)
    PM.STD.set_(\"is_medic\", false)

    PM.STD.set_(\"ProgramManager_state_trigger\", \"PlayerSelected\")
#Reference - set_data(data_name, new_val, called_by_sync=false, emit_a_signal=true)
"

[sub_resource type="GDScript" id=9]
script/source = "extends Button

func _on_Medic_pressed():
    PM.a_button_was_pressed(self)
    PM.STD.set_(\"is_soldier\", false)
    PM.STD.set_(\"is_observer\", false)
    if get_parent().get_node(\"HostOption\").pressed:
        PM.STD.set_(\"is_host\", 1)
    else:
        PM.STD.set_(\"is_host\", 0)
    PM.STD.set_(\"is_medic\", true)

    PM.STD.set_(\"ProgramManager_state_trigger\", \"PlayerSelected\")
#Reference - set_data(data_name, new_val, called_by_sync=false, emit_a_signal=true)
"

[sub_resource type="GDScript" id=10]
script/source = "extends Button

func _on_DedicatedHost_pressed():
    #PM.a_button_was_pressed(self)
    PM.STD.set_(\"is_soldier\", false)
    PM.STD.set_(\"is_observer\", false)
    PM.STD.set_(\"is_host\", 2)
    PM.STD.set_(\"is_medic\", false)

    PM.STD.set_(\"ProgramManager_state_trigger\", \"PlayerSelected\")
#Reference - set_data(data_name, new_val, called_by_sync=false, emit_a_signal=true)
"

[sub_resource type="GDScript" id=11]
script/source = "extends Button

func _on_Observer_pressed():
    PM.a_button_was_pressed(self)
    PM.STD.set_(\"is_soldier\", false)
    PM.STD.set_(\"is_observer\", true)
    PM.STD.set_(\"is_host\", 0)
    PM.STD.set_(\"is_medic\", false)

    PM.STD.set_(\"ProgramManager_state_trigger\", \"PlayerSelected\")
#Reference - set_data(data_name, new_val, called_by_sync=false, emit_a_signal=true)
"

[sub_resource type="GDScript" id=21]
script/source = "extends Button

func _ready():
    pass

func _on_Back_pressed():
    #PM.a_button_was_pressed(self)
    PM.STD.set_(\"ProgramManager_state_trigger\", \"GoBack\")
"

[sub_resource type="DynamicFont" id=19]
size = 36
font_data = ExtResource( 5 )

[sub_resource type="StyleBoxEmpty" id=18]

[sub_resource type="DynamicFont" id=20]
size = 24
font_data = ExtResource( 5 )

[sub_resource type="StyleBoxEmpty" id=12]

[sub_resource type="StyleBoxEmpty" id=13]

[sub_resource type="StyleBoxEmpty" id=14]

[sub_resource type="StyleBoxEmpty" id=15]

[sub_resource type="StyleBoxEmpty" id=16]

[sub_resource type="GDScript" id=17]
script/source = "extends Button

func _ready():
    pass

func _on_OfflineSettings_pressed():
    #PM.a_button_was_pressed(self)
    PM.STD.set_(\"ProgramManager_state_trigger\", \"OfflineSettings\")
"

[node name="UserTypeChoice" type="ReferenceRect"]
margin_left = 1620.0
margin_top = 960.0
margin_right = 2160.0
margin_bottom = 1920.0
rect_min_size = Vector2( 540, 960 )
theme = ExtResource( 1 )
script = SubResource( 1 )
__meta__ = {
"_edit_use_anchors_": false,
"_editor_description_": "3,1"
}

[node name="VBoxContainer" type="VBoxContainer" parent="."]
margin_top = 160.0
margin_right = 540.0
margin_bottom = 950.0
rect_min_size = Vector2( 540, 800 )
custom_constants/separation = 20
__meta__ = {
"_edit_use_anchors_": false
}

[node name="FreecoilLogo" type="NinePatchRect" parent="VBoxContainer"]
visible = false
margin_right = 540.0
margin_bottom = 95.0
size_flags_vertical = 0
size_flags_stretch_ratio = 5.52
texture = ExtResource( 3 )
patch_margin_top = 95

[node name="VBoxContainer2" type="VBoxContainer" parent="VBoxContainer"]
margin_right = 540.0
margin_bottom = 528.0
rect_min_size = Vector2( 540, 498 )
__meta__ = {
"_edit_use_anchors_": false
}

[node name="TitleLabel" parent="VBoxContainer/VBoxContainer2" instance=ExtResource( 2 )]

[node name="TitleLabel" parent="VBoxContainer/VBoxContainer2/TitleLabel" index="0"]
text = "User Type"

[node name="HSeparator" parent="VBoxContainer/VBoxContainer2/TitleLabel" index="1"]
visible = false
margin_top = 65.0
margin_bottom = 75.0

[node name="HostOption" type="CheckButton" parent="VBoxContainer/VBoxContainer2"]
margin_left = 110.0
margin_top = 65.0
margin_right = 430.0
margin_bottom = 125.0
rect_min_size = Vector2( 320, 60 )
size_flags_horizontal = 4
custom_styles/hover = SubResource( 2 )
custom_styles/pressed = SubResource( 3 )
custom_styles/focus = SubResource( 4 )
custom_styles/disabled = SubResource( 5 )
custom_styles/hover_pressed = SubResource( 6 )
custom_styles/normal = SubResource( 7 )
text = "Host Game"
align = 2
__meta__ = {
"_edit_use_anchors_": false
}

[node name="TextureRect" type="TextureRect" parent="VBoxContainer/VBoxContainer2/HostOption"]
show_behind_parent = true
margin_left = -110.0
margin_right = 430.0
margin_bottom = 60.0
texture = ExtResource( 4 )
__meta__ = {
"_edit_use_anchors_": false
}

[node name="SoldierDescription" type="Label" parent="VBoxContainer/VBoxContainer2"]
visible = false
margin_top = 133.0
margin_right = 540.0
margin_bottom = 161.0
rect_min_size = Vector2( 540, 0 )
text = "Soldier = Typical Player Using Recoil Gun"
align = 1
autowrap = true
__meta__ = {
"_editor_description_": ""
}

[node name="MedicDescription" type="Label" parent="VBoxContainer/VBoxContainer2"]
margin_top = 133.0
margin_right = 540.0
margin_bottom = 161.0
rect_min_size = Vector2( 540, 0 )
text = "Medic = Non-Combative Player"
align = 1
autowrap = true
__meta__ = {
"_editor_description_": ""
}

[node name="DedicatedHostDescription" type="Label" parent="VBoxContainer/VBoxContainer2"]
margin_top = 169.0
margin_right = 540.0
margin_bottom = 228.0
rect_min_size = Vector2( 540, 0 )
text = "Dedicated Host = Host, Non-Player, Sets Up The Game, But Does Not Play"
align = 1
autowrap = true
__meta__ = {
"_editor_description_": ""
}

[node name="ObserverDescription" type="Label" parent="VBoxContainer/VBoxContainer2"]
margin_top = 236.0
margin_right = 540.0
margin_bottom = 264.0
rect_min_size = Vector2( 540, 0 )
text = "Observer = Non-Player (see Score, etc.)"
align = 1
autowrap = true
__meta__ = {
"_editor_description_": ""
}

[node name="Soldier" type="Button" parent="VBoxContainer/VBoxContainer2"]
visible = false
margin_top = 272.0
margin_right = 540.0
margin_bottom = 352.0
rect_min_size = Vector2( 540, 80 )
size_flags_horizontal = 7
size_flags_vertical = 4
theme = ExtResource( 1 )
text = "Soldier"
script = SubResource( 8 )

[node name="Medic" type="Button" parent="VBoxContainer/VBoxContainer2"]
margin_top = 272.0
margin_right = 540.0
margin_bottom = 352.0
rect_min_size = Vector2( 540, 80 )
size_flags_horizontal = 7
size_flags_vertical = 4
theme = ExtResource( 1 )
text = "Medic"
script = SubResource( 9 )

[node name="DedicatedHost" type="Button" parent="VBoxContainer/VBoxContainer2"]
margin_top = 360.0
margin_right = 540.0
margin_bottom = 440.0
rect_min_size = Vector2( 540, 80 )
size_flags_horizontal = 7
size_flags_vertical = 4
theme = ExtResource( 1 )
text = "Dedicated Host"
script = SubResource( 10 )

[node name="Observer" type="Button" parent="VBoxContainer/VBoxContainer2"]
margin_top = 448.0
margin_right = 540.0
margin_bottom = 528.0
rect_min_size = Vector2( 540, 80 )
size_flags_horizontal = 7
size_flags_vertical = 4
theme = ExtResource( 1 )
text = "Observer"
script = SubResource( 11 )

[node name="InfoNote" type="Label" parent="VBoxContainer"]
margin_top = 605.0
margin_right = 540.0
margin_bottom = 664.0
size_flags_vertical = 10
text = "Note:  Available options are based upon current weapon connection status."
align = 1
autowrap = true

[node name="HBoxContainer" type="HBoxContainer" parent="VBoxContainer"]
margin_left = 20.0
margin_top = 722.0
margin_right = 520.0
margin_bottom = 800.0
rect_min_size = Vector2( 500, 0 )
size_flags_horizontal = 4
size_flags_vertical = 10

[node name="Back" type="Button" parent="VBoxContainer/HBoxContainer"]
margin_right = 160.0
margin_bottom = 78.0
rect_min_size = Vector2( 160, 78 )
text = "Back"
script = SubResource( 21 )

[node name="HBoxContainer" type="HBoxContainer" parent="VBoxContainer/HBoxContainer"]
margin_left = 180.0
margin_right = 500.0
margin_bottom = 78.0
size_flags_horizontal = 10

[node name="VBoxContainer" type="VBoxContainer" parent="VBoxContainer/HBoxContainer/HBoxContainer"]
margin_right = 238.0
margin_bottom = 78.0
size_flags_vertical = 7
__meta__ = {
"_edit_use_anchors_": false
}

[node name="OfflineSettingsTitle" type="Label" parent="VBoxContainer/HBoxContainer/HBoxContainer/VBoxContainer"]
margin_right = 238.0
margin_bottom = 36.0
rect_min_size = Vector2( 120, 0 )
mouse_filter = 1
size_flags_vertical = 6
custom_fonts/font = SubResource( 19 )
custom_styles/normal = SubResource( 18 )
text = "Settings"
align = 2
valign = 1
__meta__ = {
"_editor_description_": ""
}

[node name="OfflineSettingsTitle2" type="Label" parent="VBoxContainer/HBoxContainer/HBoxContainer/VBoxContainer"]
margin_top = 54.0
margin_right = 238.0
margin_bottom = 78.0
rect_min_size = Vector2( 120, 0 )
mouse_filter = 1
size_flags_vertical = 10
custom_fonts/font = SubResource( 20 )
custom_styles/normal = SubResource( 18 )
text = "(Armory, Map & Field)"
valign = 1

[node name="OfflineSettings" type="Button" parent="VBoxContainer/HBoxContainer/HBoxContainer"]
modulate = Color( 0.65098, 0.65098, 0.65098, 1 )
margin_left = 242.0
margin_right = 320.0
margin_bottom = 78.0
rect_min_size = Vector2( 78, 78 )
size_flags_horizontal = 0
size_flags_vertical = 6
custom_styles/hover = SubResource( 12 )
custom_styles/pressed = SubResource( 13 )
custom_styles/focus = SubResource( 14 )
custom_styles/disabled = SubResource( 15 )
custom_styles/normal = SubResource( 16 )
icon = ExtResource( 6 )
expand_icon = true
script = SubResource( 17 )

[connection signal="toggled" from="VBoxContainer/VBoxContainer2/HostOption" to="." method="_on_HostOption_toggled"]
[connection signal="pressed" from="VBoxContainer/VBoxContainer2/Soldier" to="VBoxContainer/VBoxContainer2/Soldier" method="_on_Soldier_pressed" flags=3]
[connection signal="pressed" from="VBoxContainer/VBoxContainer2/Medic" to="VBoxContainer/VBoxContainer2/Medic" method="_on_Medic_pressed" flags=3]
[connection signal="pressed" from="VBoxContainer/VBoxContainer2/DedicatedHost" to="VBoxContainer/VBoxContainer2/DedicatedHost" method="_on_DedicatedHost_pressed" flags=3]
[connection signal="pressed" from="VBoxContainer/VBoxContainer2/Observer" to="VBoxContainer/VBoxContainer2/Observer" method="_on_Observer_pressed" flags=3]
[connection signal="pressed" from="VBoxContainer/HBoxContainer/Back" to="VBoxContainer/HBoxContainer/Back" method="_on_Back_pressed"]
[connection signal="pressed" from="VBoxContainer/HBoxContainer/HBoxContainer/OfflineSettings" to="VBoxContainer/HBoxContainer/HBoxContainer/OfflineSettings" method="_on_OfflineSettings_pressed"]

[editable path="VBoxContainer/VBoxContainer2/TitleLabel"]
