[gd_scene load_steps=7 format=2]

[ext_resource path="res://assets/fonts/Freecoil-Regular.otf" type="DynamicFontData" id=1]
[ext_resource path="res://assets/themes/default.tres" type="Theme" id=2]
[ext_resource path="res://assets/images/avatars/avatar_005_gray.png" type="Texture" id=3]

[sub_resource type="DynamicFont" id=25]
size = 40
font_data = ExtResource( 1 )

[sub_resource type="StyleBoxFlat" id=24]
bg_color = Color( 0.666667, 0.145098, 0, 1 )

[sub_resource type="GDScript" id=26]
script/source = "extends Label

var thread_num
onready var KillerAvatar = get_parent().get_node(\"AvatarImage\")

func _ready():
    PM.STD.connect(PM.STD.monitor_(
            \"game_player_last_killed_by\"), self, \"update_last_killed_by\")

func update_last_killed_by(last_killed_by):
    if PM.STD.get_(\"player_name_by_mup\") != null and \\
            PM.STD.get_(\"player_avatar_by_mup\") != null:
        var player_name_by_mup = PM.STD.get_(\"player_name_by_mup\")
        var player_avatar_by_mup = PM.STD.get_(\"player_avatar_by_mup\")
        var shooter_name
        if player_name_by_mup.has(last_killed_by):
            shooter_name = PM.STD.get_(\"player_name_by_mup\")[last_killed_by]
        else:
            shooter_name = \"Unknown\"
        text = \"Killed by: \" + str(shooter_name)
        var avatar_path
        if player_avatar_by_mup.has(last_killed_by):
            avatar_path = PM.STD.get_(\"player_avatar_by_mup\")[last_killed_by]
            if avatar_path != \"\" and avatar_path != null:
                thread_num = PM.Helpers.background_loader_n_callback(avatar_path, self, \"change_avatar_for_elim\")
            get_tree().call_group(\"Camera\", \"shake_no\")

func change_avatar_for_elim(background_results):
    var results = background_results[thread_num]
    if results == \"finished\":
        KillerAvatar.texture = PM.Helpers.get_resource_from_background_n_disconnect(thread_num, self, \"change_avatar_for_elim\")
"

[node name="Eliminated" type="ReferenceRect"]
margin_left = 2160.0
margin_right = 2700.0
margin_bottom = 960.0
rect_min_size = Vector2( 540, 960 )
theme = ExtResource( 2 )
__meta__ = {
"_edit_use_anchors_": false,
"_editor_description_": "4,0"
}

[node name="ColorRectBlack" type="ColorRect" parent="."]
self_modulate = Color( 0, 0, 0, 0.784314 )
margin_right = 540.0
margin_bottom = 960.0
rect_min_size = Vector2( 540, 960 )
color = Color( 0, 0, 0, 0.784314 )
__meta__ = {
"_edit_use_anchors_": false,
"_editor_description_": ""
}

[node name="CenterContainer" type="CenterContainer" parent="."]
margin_top = 160.0
margin_right = 540.0
margin_bottom = 720.0
rect_min_size = Vector2( 540, 560 )
__meta__ = {
"_edit_use_anchors_": false
}

[node name="VBoxContainer" type="VBoxContainer" parent="CenterContainer"]
margin_right = 540.0
margin_bottom = 686.0
rect_min_size = Vector2( 540, 0 )

[node name="Label" type="Label" parent="CenterContainer/VBoxContainer"]
margin_right = 540.0
margin_bottom = 40.0
custom_fonts/font = SubResource( 25 )
custom_styles/normal = SubResource( 24 )
text = "You have been Killed."
align = 1

[node name="LastKilledBy" type="Label" parent="CenterContainer/VBoxContainer"]
margin_top = 48.0
margin_right = 540.0
margin_bottom = 88.0
custom_fonts/font = SubResource( 25 )
custom_styles/normal = SubResource( 24 )
text = "Killed by: Player Name"
align = 1
script = SubResource( 26 )

[node name="AvatarImage" type="NinePatchRect" parent="CenterContainer/VBoxContainer"]
margin_left = 120.0
margin_top = 96.0
margin_right = 420.0
margin_bottom = 396.0
rect_min_size = Vector2( 300, 300 )
mouse_filter = 1
size_flags_horizontal = 4
texture = ExtResource( 3 )
__meta__ = {
"_editor_description_": ""
}

[node name="HSeparator" type="HSeparator" parent="CenterContainer/VBoxContainer"]
margin_top = 404.0
margin_right = 540.0
margin_bottom = 504.0
custom_constants/separation = 100

[node name="Label3" type="Label" parent="CenterContainer/VBoxContainer"]
margin_top = 512.0
margin_right = 540.0
margin_bottom = 638.0
custom_fonts/font = SubResource( 25 )
custom_styles/normal = SubResource( 24 )
text = "You have been eliminated from the game. Please wait for the other players to finish."
align = 1
autowrap = true

[node name="Label4" type="Label" parent="CenterContainer/VBoxContainer"]
margin_top = 646.0
margin_right = 540.0
margin_bottom = 686.0
custom_fonts/font = SubResource( 25 )
custom_styles/normal = SubResource( 24 )
text = "Death Limit Reached."
align = 1
