[gd_resource type="Theme" load_steps=13 format=2]

[ext_resource path="res://assets/fonts/Freecoil-Regular.otf" type="DynamicFontData" id=1]
[ext_resource path="res://assets/images/icons/prog_outline.png" type="Texture" id=2]
[ext_resource path="res://assets/images/icons/prog_fill.png" type="Texture" id=3]

[sub_resource type="StyleBoxLine" id=1401]
color = Color( 1, 1, 1, 0.1 )

[sub_resource type="DynamicFontData" id=1412]
font_path = "res://assets/fonts/Freecoil-Regular.otf"

[sub_resource type="DynamicFont" id=1413]
size = 28
font_data = SubResource( 1412 )

[sub_resource type="StyleBoxFlat" id=1414]
content_margin_left = 6.0
content_margin_right = 6.0
bg_color = Color( 0.733333, 0.266667, 0.188235, 1 )
expand_margin_top = 2.0
expand_margin_bottom = 2.0

[sub_resource type="StyleBoxTexture" id=1426]
content_margin_left = 0.0
content_margin_right = 0.0
content_margin_top = 0.0
content_margin_bottom = 0.0
texture = ExtResource( 2 )
region_rect = Rect2( 0, 0, 80, 40 )
margin_left = 4.0
margin_right = 4.0
margin_top = 4.0
margin_bottom = 4.0
modulate_color = Color( 0.733333, 0.266667, 0.188235, 1 )

[sub_resource type="StyleBoxTexture" id=1427]
texture = ExtResource( 3 )
region_rect = Rect2( 0, 0, 80, 40 )
modulate_color = Color( 0.309804, 0.192157, 0.188235, 1 )

[sub_resource type="StyleBoxEmpty" id=1428]

[sub_resource type="StyleBoxFlat" id=1386]
content_margin_left = 4.0
content_margin_right = 4.0
content_margin_top = 4.0
content_margin_bottom = 4.0
bg_color = Color( 0.309804, 0.192157, 0.188235, 1 )
border_width_left = 1
border_width_top = 1
border_width_right = 1
border_width_bottom = 1
border_color = Color( 0.1, 0.115, 0.155, 1 )

[sub_resource type="DynamicFont" id=1449]
size = 28
extra_spacing_top = 6
font_data = ExtResource( 1 )

[resource]
default_font = SubResource( 1449 )
HSeparator/styles/separator = SubResource( 1401 )
Label/colors/font_color = Color( 1, 1, 1, 1 )
Label/colors/font_color_shadow = Color( 0, 0, 0, 0 )
Label/colors/font_outline_modulate = Color( 1, 1, 1, 1 )
Label/constants/line_spacing = 3
Label/constants/shadow_as_outline = 0
Label/constants/shadow_offset_x = 1
Label/constants/shadow_offset_y = 1
Label/fonts/font = SubResource( 1413 )
Label/styles/normal = SubResource( 1414 )
ProgressBar/colors/font_color = Color( 0.952941, 0.87451, 0.635294, 1 )
ProgressBar/styles/bg = SubResource( 1426 )
ProgressBar/styles/fg = SubResource( 1427 )
RichTextLabel/colors/default_color = Color( 0.952941, 0.87451, 0.635294, 1 )
RichTextLabel/colors/font_color_shadow = Color( 0, 0, 0, 0 )
RichTextLabel/constants/shadow_as_outline = 0
RichTextLabel/constants/shadow_offset_x = 1
RichTextLabel/constants/shadow_offset_y = 1
RichTextLabel/styles/focus = SubResource( 1428 )
RichTextLabel/styles/normal = SubResource( 1386 )
VBoxContainer/constants/separation = 8
